<record><leader>00000cas a2200000 a 4500</leader><controlfield tag="001">1446361</controlfield><controlfield tag="008">750714d190319uuflucr ne      0   a0eng c</controlfield><datafield ind1=" " ind2=" " tag="010"><subfield code="a">sn 95047242 </subfield></datafield><datafield ind1=" " ind2=" " tag="040"><subfield code="a">FUL</subfield><subfield code="b">eng</subfield><subfield code="c">FUL</subfield><subfield code="d">FUG</subfield><subfield code="d">OCLCQ</subfield><subfield code="d">DLC</subfield><subfield code="d">FUG</subfield><subfield code="d">OCLCQ</subfield><subfield code="d">OCLCF</subfield><subfield code="d">OCLCO</subfield></datafield><datafield ind1=" " ind2=" " tag="012"><subfield code="i">9511</subfield></datafield><datafield ind1="1" ind2=" " tag="022"><subfield code="a">1941-0794</subfield><subfield code="l">1941-0794</subfield><subfield code="2">1</subfield></datafield><datafield ind1="1" ind2=" " tag="029"><subfield code="a">AU@</subfield><subfield code="b">000025888595</subfield></datafield><datafield ind1="1" ind2=" " tag="029"><subfield code="a">NZ1</subfield><subfield code="b">16070547</subfield></datafield><datafield ind1=" " ind2=" " tag="042"><subfield code="a">pcc</subfield><subfield code="a">nsdp</subfield></datafield><datafield ind1=" " ind2=" " tag="043"><subfield code="a">n-us-fl</subfield></datafield><datafield ind1="0" ind2="0" tag="050"><subfield code="a">Newspaper</subfield></datafield><datafield ind1=" " ind2="4" tag="222"><subfield code="a">The Gainesville star</subfield></datafield><datafield ind1="0" ind2="4" tag="245"><subfield code="a">The Gainesville star.</subfield></datafield><datafield ind1="1" ind2="3" tag="246"><subfield code="a">Gainesville twice-a-week star</subfield></datafield><datafield ind1=" " ind2=" " tag="260"><subfield code="a">Gainesville, Fla. :</subfield><subfield code="b">D.E. Godwin,</subfield><subfield code="c">1903-</subfield></datafield><datafield ind1=" " ind2=" " tag="300"><subfield code="a">v.</subfield></datafield><datafield ind1=" " ind2=" " tag="310"><subfield code="a">Semiweekly</subfield></datafield><datafield ind1="0" ind2=" " tag="362"><subfield code="a">Vol. 1, no. 1 (May 1, 1903)-</subfield></datafield><datafield ind1=" " ind2=" " tag="500"><subfield code="a">Publisher: D.E. Godwin, May 1, 1903-&lt;Sept. 27, 1904&gt;; W.L. Hill, Oct. 4, 1904-</subfield></datafield><datafield ind1="1" ind2=" " tag="520"><subfield code="a">The Gainesville (FL) Star [LCCN: sn95047242] began with the issue for May 1, 1903 and was published by D.E. Godwin in Gainesville (FL). The newspaper subsequently published semiweekly at least through October 4, 1904 when W.L. Hill was serving as its publisher. Some issues bear the heading "Twice a Week" and publisher's information within some issues refers to the "Gainesville (FL) Twice a Week Star". The newspaper appears to have been affiliated with the Democratic Party. Between 1903 and 1906, Gainesville's moderate phosphate, turpentine and tung oil industries made room for the industry that, today (ca. 2008) drives the Gainesville economy. In 1905, when the Florida Legislature sited the University of Florida, the State's college for men, in Gainesville, the city was known for its good drinking water and lack of other drink or activities that might get young men into trouble. The University offered its first classes in Gainesville in 1906, having relocated from its previous home in Ocala (FL). Along with its move, its mission had also changed, broadened from that of the East Florida Seminary that it had been. Gainesville, since 1854, has been the seat of Alachua County (FL) government. The Gainesville Star carried the reprinted news of the world together with local news. Among the issues discussed regularly if not prominently was Gainesville's 1904 adoption of a "dry ticket" and the closure of saloons. The adoption of this ticket would later help Gainesville acquire the University from its completion in Live Oak (FL).--E. Kesse, University of Florida Digital Library Center.</subfield></datafield><datafield ind1=" " ind2=" " tag="530"><subfield code="a">Archived issues are available in digital format as part of the Library of Congress Chronicling American online collection.</subfield></datafield><datafield ind1=" " ind2=" " tag="588"><subfield code="a">Latest issue consulted: Vol. 2, no. 46 (Oct. 4, 1904).</subfield></datafield><datafield ind1=" " ind2="0" tag="651"><subfield code="a">Gainesville (Fla.)</subfield><subfield code="v">Newspapers.</subfield></datafield><datafield ind1=" " ind2="0" tag="651"><subfield code="a">Alachua County (Fla.)</subfield><subfield code="v">Newspapers.</subfield></datafield><datafield ind1=" " ind2="7" tag="655"><subfield code="a">Newspapers.</subfield><subfield code="2">fast</subfield><subfield code="0">(OCoLC)fst01423814</subfield></datafield><datafield ind1=" " ind2="7" tag="651"><subfield code="a">Florida</subfield><subfield code="z">Alachua County.</subfield><subfield code="2">fast</subfield><subfield code="0">(OCoLC)fst01214687</subfield></datafield><datafield ind1=" " ind2="7" tag="651"><subfield code="a">Florida</subfield><subfield code="z">Gainesville.</subfield><subfield code="2">fast</subfield><subfield code="0">(OCoLC)fst01207243</subfield></datafield><datafield ind1=" " ind2=" " tag="752"><subfield code="a">United States</subfield><subfield code="b">Florida</subfield><subfield code="c">Alachua</subfield><subfield code="d">Gainesville.</subfield></datafield><datafield ind1=" " ind2=" " tag="850"><subfield code="a">FU</subfield></datafield><datafield ind1="4" ind2="1" tag="856"><subfield code="u">http://www.loc.gov/chroniclingamerica/lccn/sn95047242/issues</subfield></datafield></record>